@book{newton1833,
	author = {Newton, Isaac},
	title = {Philosophi√¶ Naturalis Principia Mathematica},
	year = {1833},
	publisher = {Typis A. et JM Duncan},
	volume = 2,
}
@book{carroll1865,
	title = "Alice's Adventures in Wonderland",
	author = "Carroll, Lewis",
	year = 1865,
	publisher = "Project Gutenberg",
	url = "https://www.gutenberg.org/files/11/11-h/11-h.htm",
	urldate = {2021-05-31},
}
@online{rooy_faq,
	url = {https://www.alice-in-wonderland.net/resources/faq/},
	urldate = {2021-05-31},
	title = "Frequently Asked Questions",
	author = "Lenny de Rooy",
	year = {},
}
